@article{poon-domingos,
  author  = "Hoifung Poon and Pedro Domingos",
  title   = "Sum-Product Networks: A New Deep Architecture",
  year    = "2011",
  journal = "Uncertainty in Artificial Intelligence",
  volume  = "27"
},

@article{gens-domingos,
  author  = "Robert Gens and Pedro Domingos",
  title   = "Learning the Structure of Sum-Product Networks",
  year    = "2013",
  journal = "International Conference on Machine Learning",
  volume  = "30"
},

@article{greedy-search,
  author  = "Aaron Dennis and Dan Ventura",
  title   = "Greedy Structure Search for Sum-Product Networks",
  year    = "2015",
  journal = "International Joint Conference on Artificial Intelligence",
  volume  = "24"
},

@article{clustering,
  author  = "Aaron Dennis and Dan Ventura",
  title   = "Learning the Architecture of Sum-Product Networks Using Clustering on Variables",
  year    = "2012",
  journal = "Advances in Neural Information Processing Systems",
  volume  = "25"
},

@article{non-parametric-bayesian,
  author  = "Sang-Woo Lee and Christopher Watkins and Byoung-Tak Zhang",
  title   = "Non-Parametric Bayesian Sum-Product Networks",
  year    = "2014",
  journal = "Workshop on Learning Tractable Probabilistic Models"
},

@article{diff-approach-darwiche,
  author  = "Adnan Darwiche",
  title   = "A Differential Approach to Inference in Bayesian Networks",
  year    = "2003"
},

@article{id-spn,
  author  = "Amirmohammad Rooshenas and Daniel Lowd",
  title   = "Learning Sum-Product Networks with Direct and Indirect Variable Interactions",
  year    = "2014",
  journal = "International Conference on Machine Learning 31 (ICML 2014)"
},

@article{theoretical-spn,
  author  = "Robert Peharz and Sebastian Tschiatschek and Frank Pernkopf and Pedro Domingos",
  title   = "On Theoretical Properties of Sum-Product Networks",
  year    = "2015",
  journal = "International Conference on Artificial Intelligence and Statistics 18 (AISTATS 2015)"
},

@article{sp-theorem,
  author  = "Abram L. Friesen and Pedro Domingos",
  title   = "The Sum-Product Theorem: A Foundation for Learning Tractable Models",
  year    = "2016",
  journal = "International Conference on Machine Learning 33 (ICML 2016)"
},

@article{rec-dec-non-convex,
  author  = "Abram L. Friesen and Pedro Domingos",
  title   = "Recursive Decomposition for Non-convex Optimization",
  year    = "2015",
  journal = "International Joint Conference on Artificial Intelligence 24 (IJCAI 2015)"
},

@article{model-speech,
  author  = "Robert Peharz and Georg Kapeller and Pejman Mowlaee and Franz Pernkopf",
  title   = "Modeling Speech with Sum-Product Networks: Application to Bandwidth Extension",
  year    = "2014",
  journal = "IEEE International Conference on Acoustics, Speech, and Signal Processing 39 (ICASSP 2014)"
},

@article{activity,
  author  = "Mohamed R. Amer and Sinisa Todorovic",
  title   = "Sum-Product Networks for Activity Recognition",
  year    = "2015",
  journal = "IEEE Transactions on Pattern Recognition and Machine Intelligence (TPAMI 2015)"
},

@article{vergari-mauro,
  author  = "Antonio Vergari and Nicola di Mauro and Floriana Esposito",
  title   = "Simplifying, Regularizing and Strengthening Sum-Product Network Structure Learning",
  year    = "2015",
  journal = "European Conference on Machine Learning and Principles and Practice of Knowledge Discovery in Databases (ECMLPKDD 2015)"
},

@article{nat-lang,
  author  = "Wei-Chen Cheng and Stanley Kok and Hoai Vu Pham and Hai Leong Chieu and Kian Ming A. Chai",
  title   = "Language Modelling with Sum-Product Networks",
  year    = "2014",
  journal = "Annual Conference of the International Speech Communication Association 15 (INTERSPEECH 2014)"
},

@article{libra,
  title   = "The Libra Toolkit for Probabilistic Models",
  author  = "Daniel Lowd and Amirmohammad Rooshenas",
  journal = "Journal of Machine Learning Research",
  year    = "2015",
	url     = "http://libra.cs.uoregon.edu/"
},

@article{bayesball,
  title   = "Bayes-Ball: The Rational Pastime (for Determining Irrelevance and Requisite Information in Belief Networks and Influence Diagrams)",
  author  = "Ross D. Shachter",
  year    = "1998",
  journal = "Uncertainty in Artificial Intelligence"
},

@article{graphoids-pearl,
  title   = "Graphoids: A Graph-Based Logic for Reasoning About Relevance Relations",
  author  = "Judea Pearl and Azaria Paz",
  year    = "1985"
},

@article{graphoids-studeny,
  title   = "Conditional independence relations have no finite complete characterization",
  author  = "M. Studeny and S. Kubik and J. A. Visek",
  year    = "1992"
},

@article{factor-graphs-sp,
  title   = "Factor Graphs and the Sum-Product Algorithm",
  author  = "Frank R. Kschischang and Brendan J. Frey and Hans-Andrea Loeliger",
  year    = "2001",
  journal = "IEEE Transactions on Information Theory, Vol. 47, No. 2"
},

@article{simpson-paradox,
  title   = "Understanding Simpson's Paradox",
  author  = "Judea Pearl",
  year    = "2013",
  journal = "The American Statistician"
},

@article{inference-nphard,
  title   = "The Computational Complexity of Probabilistic Inference Using Bayesian Belief Networks",
  author  = "Gregory F. Cooper",
  year    = "1988",
},

@article{np-sat,
  title   = "The Necessity of Bounded Treewidth for Efficient Inference in Bayesian Networks",
  author  = "J. H.P. Kwisthout and Hans L. Bodlaender and L. C. van der Gaag",
  year    = "2010",
  journal = "Proceedings of the 2010 Conference on ECAI 2010: 19th European Conference in Artificial Intelligence"
},

@article{shallow-vs-deep,
  title   = "Shallow vs. Deep Sum-Product Networks",
  author  = "Olivier Delalleau and Yoshua Bengio",
  year    = "2011",
  journal = "Advances in Neural Information Processing Systems 24 (NIPS 2011)"
},

@article{dbns,
  author  = "Geoffrey E. Hinton and Ruslan R. Salakhutdinov",
  title   = "Reducing the Dimensionality of Data with Neural Networks",
  year    = "2006",
  journal = "Science Magazine"
},

@article{cdbns,
  author  = "Honglak Lee and Roger Grosse and Rajes Ranganath and Andrew Y. Ng",
  title   = "Convolutional Deep Belief Networks for Scalable Unsupervised Learning of Hierarchical Representarions",
  year    = "2009",
  journal = "International Conference on Machine Learning (ICML 2009)"
},

@article{dbms,
  author  = "Ruslan R. Salakhutdinov and Geoffrey E. Hinton",
  title   = "Deep Boltzmann Machines",
  year    = "2010",
  journal = "International Conference on Artificial Intelligence and Statistics (AISTATS)"
},

@article{deep-archs-ai,
  author  = "Yoshua Bengio",
  title   = "Learning Deep Architectures for AI",
  year    = "2009",
  journal = "Foundations and Trends in Machine Learning"
},

@article{forgy,
  ISSN = {0006341X, 15410420},
  URL = {http://www.jstor.org/stable/2528559},
  journal = {Biometrics},
  number = {3},
  pages = {761-777},
  publisher = {[Wiley, International Biometric Society]},
  title = "Cluster analysis of multivariate data: efficiency versus interpretability of
   classifications",
  author = "E. W. Forgy",
  volume = {21},
  year = {1965}
},

@article{caltech101,
  author  = "L. Fei-Fei and R. Fergus and P. Perona",
  title   = "Learning generative visual models from few training examples: an incremental Bayesian
    approach tested on 101 object categories",
  journal = "IEEE CVPR-2014 Workshop on Generative-Model Based Vision",
  year    = "2014"
},

@article{olivetti,
  author  = "Ferdinando Samaria and Andy Harter",
  title   = "Parameterisation of a stochastic model for human face identification",
  journal = "Proceedings of 2nd IEEE Workshop on Applications of Computer Vision",
  year    = "1994"
},

@article{mnist,
  author  = "Y. LeCunn and L. Bottou and Y. Bengio and P. Haffner",
  title   = "Gradient-Based Learning Applied to Document Recognition",
  journal = "Proceedings of the IEEE",
  year    = "1998"
},

@misc{digits,
  author  = "Renato Lui Geh",
  title   = "Digits Dataset",
  url     = "https://github.com/RenatoGeh/datasets/tree/master/digits"
},

@misc{digitsx,
  author  = "Renato Lui Geh",
  title   = "DigitsX: Digits-Expanded Dataset",
  url     = "https://github.com/RenatoGeh/datasets/tree/master/digits_x"
},

@article{dbscan,
  author  = "Martin Ester and Hans-Peter Kriegel and Jörg Sander and Xiaowei Xu",
  title   = "A Density Based Algorithm for Discovering Clusters in Large Spatial Databases with
    Noise",
  journal = "KDD-96 Proceedings",
  year    = "1996"
},

@article{cmc2017,
  author  = "Diarmaid Conaty and Denis D. Mauá and Cassio P. de Campos",
  title   = "Approximation Complexity of Maximum A Posteriori Inference in Sum-Product Networks",
  journal = "Uncertainty in Artificial Intelligence 2017 (UAI 2017)",
  year    = "2017"
},

@article{discriminative,
  author  = "Robert Gens and Pedro Domingos",
  title   = "Discriminative Learning of Sum-Product Networks",
  journal = "Advances in Neural Information Processing Systems 25 (NIPS 2012)",
  year    = "2012"
},

@article{caltech-101,
  author  = "L. Fei-Fei and R. Fergus and P. Perona",
  title   = "Learning generative visual models from few training examples: an incremental Bayesian approach tested on 101 object categories",
  journal = "IEEE. CVPR 2004, Workshop on Generative-Model Based Vision",
  year    = "2004"
},

@article{olivetti,
  author  = "Ferdinando Samaria and Andy Harter",
  title   = "Parameterisation of a Stochastic Model for Human Face Identification",
  journal = "Proceedings of 2nd IEEE Workshop on Applications of Computer Vision",
  year    = "1994"
},

@misc{website:spn-uwashington,
  author  = "Department of Computer Science, University of Washington",
  title   = "Sum-Product Networks",
  url     = "http://spn.cs.washington.edu/index.shtml"
},

@book{bayes-net-darwiche,
  author    = "Adnan Darwiche",
  title     = "Modeling and Reasoning with Bayesian Networks",
  year      = "2009",
  edition   = "1st Edition",
  publisher = "Cambridge University Press"
},

@book{pgm-koller,
  author    = "Daphne Koller and Nir Friedman",
  title     = "Probabilistic Graphical Models: Principals and Techniques",
  year      = "2009",
  publisher = "The MIT Press"
},

@book{pearl-1988,
  author    = "Judea Pearl",
  title     = "Probabilistic Reasoning in Intelligent Systems: Networks of Plausible Inference",
  year      = "1988",
  publisher = "Morgan Kaufmann"
},

@book{aima,
  author    = "Stuart Russel and Peter Norvig",
  title     = "Artificial Intelligence: A Modern Approach",
  year      = "2010",
  edition   = "3rd edition",
  publisher = "Prentice Hall"
},

@book{algorithms,
  author    = "Thomas H. Cormen and Charles E. Leiserson and Ronald L. Rivest and Clifford Stein",
  title     = "Introduction to Algorithms",
  year      = "2009",
  edition   = "3rd edition",
  publisher = "The MIT Press"
},

@report{project-def,
  author  = "Renato Lui Geh",
  title   = "Aprendizado Automático de Sum-Product Networks (SPN)",
  year    = "2015",
  url     = "http://www.ime.usp.br/~renatolg/mac0215/doc/project/relatorio.pdf"
},

@report{report-1,
  author  = "Renato Lui Geh",
  title   = "Modeling and Reasoning with Bayesian Networks: Compiling Bayesian Networks",
  year    = "2015",
  number  = "1",
  url     = "http://www.ime.usp.br/~renatolg/mac0215/doc/reports/week1/relatorio.pdf"
},

@report{report-2,
  author  = "Renato Lui Geh",
  title   = "Modeling and Reasoning with Bayesian Networks: Inference by Variable Elimination 6.1-6.5",
  year    = "2015",
  number  = "2",
  url     = "http://www.ime.usp.br/~renatolg/mac0215/doc/reports/week2/relatorio.pdf"
},

@report{report-5,
  author  = "Renato Lui Geh",
  title   = "Modeling and Reasoning with Bayesian Networks: Inference by Variable Elimination 6.6-6.9",
  year    = "2015",
  number  = "3",
  url     = "http://www.ime.usp.br/~renatolg/mac0215/doc/reports/week5/relatorio.pdf"
},

@report{report-8,
  author  = "Renato Lui Geh",
  title   = "Modeling and Reasoning with Bayesian Networks: Inference with Local Structure 13.1-13.3",
  year    = "2015",
  number  = "4",
  url     = "http://www.ime.usp.br/~renatolg/mac0215/doc/reports/week8/relatorio.pdf"
},

@report{report-9,
  author  = "Renato Lui Geh",
  title   = "Uma Introdução a Sum-Product Networks",
  year    = "2015",
  number  = "5",
  url     = "http://www.ime.usp.br/~renatolg/mac0215/doc/reports/week9/relatorio.pdf"
},

@misc{poster-spn,
  author  = "Renato Lui Geh",
  title   = "Aprendizado Automático de Sum-Product Networks",
  year    = "2015",
  url     = "http://www.ime.usp.br/~renatolg/mac0215/poster/poster.pdf"
},

@phdthesis{peharz-spn,
  author  = "Robert Peharz",
  title   = "Foundations of Sum-Product Networks for Probabilistic Modeling",
  year    = "2015",
  school  = "Graz University of Technology"
},

@software{gospn,
  author = "Renato L. Geh",
  title  = "GoSPN: an implementation of sum-product networks in Go",
  url    = "https://github.com/RenatoGeh/gospn",
  year   = "2016"
}
